
@article{bonvin-2017,
      author         = "Bonvin, Camille and Caprini, Chiara and Sturani, Riccardo and Tamanini, Nicola",
      title          = "{The effect of matter structure on the gravitational waveform}",
      journal        = "Phys. Rev. D",
      volume         = "95",
      year           = "2017",
      pages          = "044029",
      doi            = "10.1103/PhysRevD.95.044029",
      eprint         = "1609.08093",
      archivePrefix  = "arXiv",
      primaryClass   = "astro-ph",
}
